<?xml version="1.0" encoding="UTF-8"?><record xmlns="http://www.loc.gov/MARC21/slim" xmlns:cinclude="http://apache.org/cocoon/include/1.0" xmlns:zs="http://www.loc.gov/zing/srw/">
  <leader>00386nz  a2200121n  4500</leader>
  <controlfield tag="001">n  84228395 </controlfield>
  <controlfield tag="003">DLC</controlfield>
  <controlfield tag="005">19841011132257.4</controlfield>
  <controlfield tag="008">840913n| acannaab|          |n aaa |||  </controlfield>
  <datafield tag="010" ind1=" " ind2=" ">
    <subfield code="a">n  84228395 </subfield>
  </datafield>
  <datafield tag="040" ind1=" " ind2=" ">
    <subfield code="a">DLC</subfield>
    <subfield code="c">DLC</subfield>
    <subfield code="d">DLC</subfield>
  </datafield>
  <datafield tag="100" ind1="1" ind2="0">
    <subfield code="a">Rivkin, William B.</subfield>
  </datafield>
  <datafield tag="670" ind1=" " ind2=" ">
    <subfield code="a">His Radiation detection and recording, c1984:</subfield>
    <subfield code="b">t.p. (William B. Rivkin) p. 4 (Health Physics Associates, Ltd., Northbrook, IL)</subfield>
  </datafield>
</record>